<?xml version="1.0" encoding="UTF-8"?><collection xmlns="http://www.loc.gov/MARC21/slim"><record><leader>00513nam--2200193-u-4500</leader><controlfield tag="001">000052400</controlfield><controlfield tag="002">20161230</controlfield><controlfield tag="005">20161230201050</controlfield><controlfield tag="008">100702s1000------------r-----000-0-rus-d</controlfield><datafield ind1=" " ind2=" " tag="040"><subfield code="a">IFIN-HH</subfield></datafield><datafield ind1=" " ind2=" " tag="041"><subfield code="a">rus</subfield></datafield><datafield ind1=" " ind2=" " tag="080"><subfield code="a">531.19:536.425</subfield></datafield><datafield ind1="1" ind2=" " tag="100"><subfield code="a">Rolov, B.N</subfield></datafield><datafield ind1="1" ind2="0" tag="245"><subfield code="a">Statistika i kinetika fazovih perehodov v tverdom tele</subfield><subfield code="c">B.N. Rolov, V.A. Ivin, V.N. Kuzovkov</subfield></datafield><datafield ind1=" " ind2=" " tag="260"><subfield code="a">Riga</subfield><subfield code="b">Zinatie</subfield><subfield code="c">1979</subfield></datafield><datafield ind1=" " ind2=" " tag="300"><subfield code="a">179 p</subfield></datafield><datafield ind1="1" ind2=" " tag="700"><subfield code="a">Kuzovkov, V.N</subfield></datafield><datafield ind1=" " ind2=" " tag="852"><subfield code="a">75091</subfield><subfield code="c">531</subfield></datafield><datafield ind1=" " ind2=" " tag="CAT"><subfield code="a">Sys</subfield><subfield code="c">20100702</subfield><subfield code="h">110624</subfield></datafield></record></collection>